@misc{
	nzzdatenschutzprivileg,
	author="Jan Flückiger für NZZ",
	title={«\uppercase{P}rivatsphäre wird zu einem \uppercase{P}rivileg»},
	howpublished="\url{http://www.nzz.ch/aktuell/schweiz/privatsphaere-wird-zu-einem-privileg-1.18256915}"	
}

@misc{
	gulligooglegeltendesrecht,
	author="Gulli News",
	year=2013,
	month=12,
	day=2,
	title={\uppercase{D}atenschützer: \uppercase{G}oogle verstößt gegen geltendes \uppercase{R}echt},
	howpublished="\url{http://www.gulli.com/news/22876-datenschuetzer-google-verstoesst-gegen-geltendes-recht-2013-12-02}"
}

@misc{
	assangegooglensa,
	author="Gulli News",
	year=2014,
	month=9,
	day=25,
	title={\uppercase{J}ulian \uppercase{A}ssange über \uppercase{G}oogle: \uppercase{E}ine "privatisierte \uppercase{NSA}"}
	howpublished="\url{http://www.gulli.com/news/24733-julian-assange-ueber-google-eine-privatisierte-nsa-2014-09-25}"
}

@misc{
	statistagoogle,
	author="Statista",
	title={Alle \uppercase{S}tatistiken und \uppercase{Z}ahlen zum \uppercase{T}hema \uppercase{G}oogle},
	howpublished="\url{http://de.statista.com/themen/651/google/}"
}

@article{tene2007google,
  title={What \uppercase{G}oogle knows: Privacy and internet search engines},
  author={Tene, Omer},
  journal={Utah Law Review, Forthcoming},
  year={2007}
}

@article{debatin2009facebook,
  title={Facebook and online privacy: Attitudes, behaviors, and unintended consequences},
  author={Debatin, Bernhard and Lovejoy, Jennette P and Horn, Ann-Kathrin and Hughes, Brittany N},
  journal={Journal of Computer-Mediated Communication},
  volume={15},
  number={1},
  pages={83--108},
  year={2009},
  publisher={Wiley Online Library}
}